<?xml version="1.0" encoding="UTF-8"?><collection xmlns="http://www.loc.gov/MARC21/slim"><record><leader>00254nam--2200109-i-4500</leader><controlfield tag="001">000024866</controlfield><controlfield tag="002">20161230</controlfield><controlfield tag="005">20161230201035</controlfield><controlfield tag="008">060222s1000------------r-----000-0-eng-d</controlfield><datafield ind1=" " ind2=" " tag="245"><subfield code="a">Automatic control</subfield></datafield><datafield ind1=" " ind2=" " tag="260"><subfield code="a">New York, 1955 X + 148 P. Cu Fig</subfield></datafield><datafield ind1=" " ind2=" " tag="852"><subfield code="a">12176</subfield></datafield></record></collection>